@Article{kolod2015single,
    Author="Kolodziejczyk, A. A.  and Kim, J. K.  and Tsang, J. C.  and Ilicic, T.  and Henriksson, J.  and Natarajan, K. N.  and Tuck, A. C.  and Gao, X.  and Buhler, M.  and Liu, P.  and Marioni, J. C.  and Teichmann, S. A. ",
    Title="{{S}ingle {C}ell {R}{N}{A}-{S}equencing of {P}luripotent {S}tates {U}nlocks {M}odular {T}ranscriptional {V}ariation}",
    Journal="Cell Stem Cell",
    Year="2015",
    Volume="17",
    Number="4",
    Pages="471--485",
    Month="Oct"
}

@Article{anders2010differential,
    Author="Anders, S.  and Huber, W. ",
    Title="{{D}ifferential expression analysis for sequence count data}",
    Journal="Genome Biol.",
    Year="2010",
    Volume="11",
    Number="10",
    Pages="R106"
}

@Article{trapnell2014dynamics,
    Author="Trapnell, C.  and Cacchiarelli, D.  and Grimsby, J.  and Pokharel, P.  and Li, S.  and Morse, M.  and Lennon, N. J.  and Livak, K. J.  and Mikkelsen, T. S.  and Rinn, J. L. ",
    Title="{{T}he dynamics and regulators of cell fate decisions are revealed by pseudotemporal ordering of single cells}",
    Journal="Nat. Biotechnol.",
    Year="2014",
    Volume="32",
    Number="4",
    Pages="381--386",
    Month="Apr"
}

@Article{avraham2015pathogen,
    Author="Avraham, R.  and Haseley, N.  and Brown, D.  and Penaranda, C.  and Jijon, H. B.  and Trombetta, J. J.  and Satija, R.  and Shalek, A. K.  and Xavier, R. J.  and Regev, A.  and Hung, D. T. ",
    Title="{{P}athogen {C}ell-to-{C}ell {V}ariability {D}rives {H}eterogeneity in {H}ost {I}mmune {R}esponses}",
    Journal="Cell",
    Year="2015",
    Volume="162",
    Number="6",
    Pages="1309--1321",
    Month="Sep"
}

@ARTICLE{lund2012detecting,
    author = {Lund, S. P. and Nettleton, D. and McCarthy, D. J. and Smyth, G. K.},
    title = {Detecting differential expression in {RNA}-sequence data using quasi-likelihood with shrunken dispersion estimates},
    journal = {Stat. Appl. Genet. Mol. Biol.},
    year = {2012},
    volume = {11},
    pages = {Article 8},
    number = {5},
    publisher = {Berkeley Electronic Press}
}

@ARTICLE{mccarthy2012differential,
    author = {McCarthy, D. J. and Chen, Y. and Smyth, G. K.},
    title = {Differential expression analysis of multifactor {RNA-Seq} experiments with respect to biological variation},
    journal = {Nucleic Acids Res.},
    year = {2012},
    volume = {40},
    pages = {4288--4297},
    number = {10},
    publisher = {Oxford University Press}
}

@article{law2014voom,
    title={Voom: precision weights unlock linear model analysis tools for RNA-seq read counts},
    author={Law, C. W. and Chen, Y. and Shi, W. and Smyth, G. K.},
    year={2014},
    journal = {Genome Biol.},
    volume =15,
    pages= "R29"
}

@Article{vallejos2015basics,
    Author="Vallejos, C. A.  and Marioni, J. C.  and Richardson, S. ",
    Title="{{B}{A}{S}i{C}{S}: {B}ayesian {A}nalysis of {S}ingle-{C}ell {S}equencing {D}ata}",
    Journal="PLoS Comput. Biol.",
    Year="2015",
    Volume="11",
    Number="6",
    Pages="e1004333",
    Month="Jun"
}

@Article{kharchenko2014bayesian,
    Author="Kharchenko, P. V.  and Silberstein, L.  and Scadden, D. T. ",
    Title="{{B}ayesian approach to single-cell differential expression analysis}",
    Journal="Nat. Methods",
    Year="2014",
    Volume="11",
    Number="7",
    Pages="740--742",
    Month="Jul"
}

@Article{robinson2008small,
    Author="Robinson, M. D.  and Smyth, G. K. ",
    Title="{{S}mall-sample estimation of negative binomial dispersion, with applications to {S}{A}{G}{E} data}",
    Journal="Biostatistics",
    Year="2008",
    Volume="9",
    Number="2",
    Pages="321--332",
    Month="Apr"
}

@Article{robinson2010scaling,
    Author="Robinson, M. D.  and Oshlack, A. ",
    Title="{{A} scaling normalization method for differential expression analysis of {R}{N}{A}-seq data}",
    Journal="Genome Biol.",
    Year="2010",
    Volume="11",
    Number="3",
    Pages="R25"
}

@Article{scialdone2015single,
    Author={Scialdone, A. and Tanaka, Y. and Jawaid, W. and Moignard, V. and Wilson, N. K. and Macaulay, I. C. and Marioni, J. C. and G\"ottgens, B.},
    Title="Single cell expression profiling resolves the transcriptional programs of early mesoderm diversification",
    Journal="Submitted",
    year=2015
}

@Article{macosko2015highly,
    Author="Macosko, E. Z.  and Basu, A.  and Satija, R.  and Nemesh, J.  and Shekhar, K.  and Goldman, M.  and Tirosh, I.  and Bialas, A. R.  and Kamitaki, N.  and Martersteck, E. M.  and Trombetta, J. J.  and Weitz, D. A.  and Sanes, J. R.  and Shalek, A. K.  and Regev, A.  and McCarroll, S. A. ",
    Title="{{H}ighly parallel genome-wide expression profiling of individual cells using nanoliter droplets}",
    Journal="Cell",
    Year="2015",
    Volume="161",
    Number="5",
    Pages="1202--1214",
    Month="May"
}

@Article{klein2015droplet,
    Author="Klein, A. M.  and Mazutis, L.  and Akartuna, I.  and Tallapragada, N.  and Veres, A.  and Li, V.  and Peshkin, L.  and Weitz, D. A.  and Kirschner, M. W. ",
    Title="{{D}roplet barcoding for single-cell transcriptomics applied to embryonic stem cells}",
    Journal="Cell",
    Year="2015",
    Volume="161",
    Number="5",
    Pages="1187--1201",
    Month="May"
}

@Article{bates2015fitting,
    title = {Fitting Linear Mixed-Effects Models Using {lme4}},
    author = {Bates, D. and M{\"a}chler, M. and Bolker, B. and Walker, S.},
    journal = {J. Stat. Softw.},
    year = {2015},
    volume = {67},
    number = {1},
    pages = {1--48},
    doi = {10.18637/jss.v067.i01},
}

@Article{picelli2014full,
    Author="Picelli, S.  and Faridani, O. R.  and Bjorklund, A. K.  and Winberg, G.  and Sagasser, S.  and Sandberg, R. ",
    Title="{{F}ull-length {R}{N}{A}-seq from single cells using {S}mart-seq2}",
    Journal="Nat Protoc",
    Year="2014",
    Volume="9",
    Number="1",
    Pages="171--181",
    Month="Jan"
}

@Article{stegle2015computational,
    Author="Stegle, O.  and Teichmann, S. A.  and Marioni, J. C. ",
    Title="{{C}omputational and analytical challenges in single-cell transcriptomics}",
    Journal="Nat. Rev. Genet.",
    Year="2015",
    Volume="16",
    Number="3",
    Pages="133--145",
    Month="Mar"
}

@Article{pollen2014low,
    Author="Pollen, A. A.  and Nowakowski, T. J.  and Shuga, J.  and Wang, X.  and Leyrat, A. A.  and Lui, J. H.  and Li, N.  and Szpankowski, L.  and Fowler, B.  and Chen, P.  and Ramalingam, N.  and Sun, G.  and Thu, M.  and Norris, M.  and Lebofsky, R.  and Toppani, D.  and Kemp, D. W.  and Wong, M.  and Clerkson, B.  and Jones, B. N.  and Wu, S.  and Knutsson, L.  and Alvarado, B.  and Wang, J.  and Weaver, L. S.  and May, A. P.  and Jones, R. C.  and Unger, M. A.  and Kriegstein, A. R.  and West, J. A. ",
    Title="{{L}ow-coverage single-cell m{R}{N}{A} sequencing reveals cellular heterogeneity and activated signaling pathways in developing cerebral cortex}",
    Journal="Nat. Biotechnol.",
    Year="2014",
    Volume="32",
    Number="10",
    Pages="1053--1058",
    Month="Oct"
}

@Article{robinson2010edgeR,
    Author="Robinson, M. D.  and McCarthy, D. J.  and Smyth, G. K. ",
    Title="{edge{R}: a {B}ioconductor package for differential expression analysis of digital gene expression data}",
    Journal="Bioinformatics",
    Year="2010",
    Volume="26",
    Number="1",
    Pages="139--140",
    Month="Jan"
}

@Article{love2014moderated,
    Author="Love, M. I.  and Huber, W.  and Anders, S. ",
    Title="{{M}oderated estimation of fold change and dispersion for {R}{N}{A}-seq data with {D}{E}{S}eq2}",
    Journal="Genome Biol.",
    Year="2014",
    Volume="15",
    Number="12",
    Pages="550"
}

@Article{marioni2008rnaseq,
    Author="Marioni, J. C.  and Mason, C. E.  and Mane, S. M.  and Stephens, M.  and Gilad, Y. ",
    Title="{{R}{N}{A}-seq: an assessment of technical reproducibility and comparison with gene expression arrays}",
    Journal="Genome Res.",
    Year="2008",
    Volume="18",
    Number="9",
    Pages="1509--1517",
    Month="Sep"
}

@Article{jaitin2014massively,
    Author="Jaitin, D. A.  and Kenigsberg, E.  and Keren-Shaul, H.  and Elefant, N.  and Paul, F.  and Zaretsky, I.  and Mildner, A.  and Cohen, N.  and Jung, S.  and Tanay, A.  and Amit, I. ",
    Title="{{M}assively parallel single-cell {R}{N}{A}-seq for marker-free decomposition of tissues into cell types}",
    Journal="Science",
    Year="2014",
    Volume="343",
    Number="6172",
    Pages="776--779",
    Month="Feb"
}

@Article{johnson2007adjusting,
    Author="Johnson, W. E.  and Li, C.  and Rabinovic, A. ",
    Title="{{A}djusting batch effects in microarray expression data using empirical {B}ayes methods}",
    Journal="Biostatistics",
    Year="2007",
    Volume="8",
    Number="1",
    Pages="118--127",
    Month="Jan"
}

@article {finak2015mast,
    author = {Finak, G. and McDavid, A. and Yajima, M. and Deng, J. and Gersuk, V. and Shalek, A. K. and Slichter, C. K. and Miller, H. W. and McElrath, M. J. and Prlic, M. and Linsley, P. and Gottardo, R.},
    title = "{MAST: A flexible statistical framework for assessing transcriptional changes and characterizing heterogeneity in single-cell RNA-seq data.}",
    year = {2015},
    doi = {10.1101/020842},
    publisher = {Cold Spring Harbor Labs Journals},
    journal = {bioRxiv}
}

@article{hicks2015widespread,
    author = {Hicks, S. C. and Teng, M. and Irizarry, R. A.},
    title = "{On the widespread and critical impact of systematic bias and batch effects in single-cell RNA-Seq data}",
    year = {2015},
    doi = {10.1101/025528},
    publisher = {Cold Spring Harbor Labs Journals},
    journal = {bioRxiv}
}

@incollection{smyth2005limma,
    year={2005},
    isbn={978-0-387-25146-2},
    booktitle={Bioinformatics and Computational Biology Solutions Using R and Bioconductor},
    series={Statistics for Biology and Health},
    editor={Gentleman, R. and Carey, V. J. and Huber, W. and Irizarry, R. A. and Dudoit, S.},
    doi={10.1007/0-387-29362-0_23},
    title={limma: Linear Models for Microarray Data},
    url={http://dx.doi.org/10.1007/0-387-29362-0_23},
    publisher={Springer New York},
    author={Smyth, G. K.},
    pages={397-420},
    language={English}
}

@Article{smyth2005use,
    Author="Smyth, G. K.  and Michaud, J.  and Scott, H. S. ",
    Title="{{U}se of within-array replicate spots for assessing differential expression in microarray experiments}",
    Journal="Bioinformatics",
    Year="2005",
    Volume="21",
    Number="9",
    Pages="2067--2075",
    Month="May"
}


